<record><leader>00000cas a22000007a 4500</leader><controlfield tag="001">19743896</controlfield><controlfield tag="008">890520d19621966njuwr ne      0    0eng d</controlfield><datafield ind1=" " ind2=" " tag="010"><subfield code="a">sn 88071388 </subfield></datafield><datafield ind1=" " ind2=" " tag="040"><subfield code="a">NJW</subfield><subfield code="b">eng</subfield><subfield code="c">NJW</subfield><subfield code="d">OCLCQ</subfield></datafield><datafield ind1=" " ind2=" " tag="042"><subfield code="a">msc</subfield></datafield><datafield ind1="0" ind2="4" tag="245"><subfield code="a">The Independent-leader Edison Fords beacon.</subfield></datafield><datafield ind1=" " ind2=" " tag="260"><subfield code="a">Woodbridge, N.J. :</subfield><subfield code="b">Woodbridge Pub. Co.,</subfield><subfield code="c">1962-</subfield></datafield><datafield ind1=" " ind2=" " tag="310"><subfield code="a">Weekly</subfield></datafield><datafield ind1="0" ind2=" " tag="362"><subfield code="a">Vol. 54, no. 12 (May 3, 1962)-</subfield></datafield><datafield ind1="1" ind2=" " tag="362"><subfield code="a">Ceased in 1946.</subfield></datafield><datafield ind1=" " ind2=" " tag="752"><subfield code="a">United States</subfield><subfield code="b">New Jersey</subfield><subfield code="c">Middlesex</subfield><subfield code="d">Woodbridge.</subfield></datafield><datafield ind1=" " ind2=" " tag="752"><subfield code="a">United States</subfield><subfield code="b">New Jersey</subfield><subfield code="c">Middlesex</subfield><subfield code="d">Edison.</subfield></datafield><datafield ind1=" " ind2=" " tag="752"><subfield code="a">United States</subfield><subfield code="b">New Jersey</subfield><subfield code="c">Middlesex</subfield><subfield code="d">Fords.</subfield></datafield><datafield ind1="0" ind2="4" tag="780"><subfield code="t">Edison Township and Fords beacon</subfield><subfield code="w">(DLC)sn 88071386</subfield></datafield><datafield ind1="0" ind2="4" tag="780"><subfield code="t">Independent-leader (Woodbridge, N.J. : 1939)</subfield><subfield code="w">(DLC)sn 88071387</subfield></datafield><datafield ind1="0" ind2="0" tag="785"><subfield code="t">Middlesex County leader-press</subfield><subfield code="w">(DLC)sn 88071389</subfield></datafield></record>